@article{schick2001bounded,
author = {Schick, Thomas},
title = {Manifolds with Boundary and of Bounded Geometry},
journal = {Mathematische Nachrichten},
volume = {223},
number = {1},
pages = {103-120},
keywords = {Manifolds with boundary, manifolds of bounded geometry, curvature bounds},
%doi = {https://doi.org/10.1002/1522-2616(200103)223:1<103::AID-MANA103>3.0.CO;2-S},
year = {2001}
}

@article{gtz2014,
  title={Higher Hochschild Homology, Topological Chiral Homology and Factorization Algebras},
  author={Ginot, Gr{\'e}gory and Tradler, Thomas and Zeinalian, Mahmoud},
  journal={Communications in Mathematical Physics},
  volume={326},
  number={3},
  pages={635--686},
  year={2014},
  month={03},
  doi={10.1007/s00220-014-1889-0},
  url={https://doi.org/10.1007/s00220-014-1889-0},
  issn={1432-0916},
}


@article{francis2013,
  title={The tangent complex and Hochschild cohomology of $\mathcal {E}_n$-rings},
  author={Francis, John},
  journal={Compositio Mathematica},
  volume={149},
  number={3},
  pages={430--480},
  year={2013},
  publisher={London Mathematical Society},
  doi={10.1112/S0010437X12000140},
}


@inbook{ginot2015,
  author={Ginot, Gr{\'e}gory},
  editor={Calaque, Damien and Strobl, Thomas},
  title={Notes on Factorization Algebras, Factorization Homology and Applications},
  booktitle={Mathematical Aspects of Quantum Field Theories},
  year={2015},
  publisher={Springer International Publishing},
  pages={429--552},
  isbn={978-3-319-09949-1},
  doi={10.1007/978-3-319-09949-1_13},
  url={https://doi.org/10.1007/978-3-319-09949-1_13},
}


@book{lurie_ha,
  author = {Lurie, Jacob},
  title = {Higher Algebra},
  publisher = {Preprint at \url{http://www.math.harvard.edu/~lurie/}},
  note = {[acessed 22.07.2023]},
}


@article{ayala2017local,
  title = {Local structures on stratified spaces},
  author = {Ayala, David and Francis, John and Tanaka, Hiro Lee},
  journal = {Advances in Mathematics},
  volume = {307},
  pages = {903-1028},
  year = {2017},
  issn = {0001-8708},
  %doi = {10.1016/j.aim.2016.11.032},
  %url = {https://www.sciencedirect.com/science/article/pii/S0001870816316097},
}


@article{aft_fhstrat,
  title={Factorization homology of stratified spaces},
  author={Ayala, David and Francis, John and Tanaka, Hiro Lee},
  journal={Selecta Mathematica},
  volume={23},
  number={1},
  pages={293--362},
  year={2017},
  doi={10.1007/s00029-016-0242-1},
  url={https://doi.org/10.1007/s00029-016-0242-1},
  issn={1420-9020},
}


@article{af_fhtop,
  author = {Ayala, David and Francis, John},
  title = {Factorization homology of topological manifolds},
  journal = {Journal of Topology},
  volume = {8},
  number = {4},
  pages = {1045--1084},
  year = {2015},
  doi = {10.1112/jtopol/jtv028},
  url = {https://londmathsoc.onlinelibrary.wiley.com/doi/abs/10.1112/jtopol/jtv028},
}


@book{cg2016,
  title={Factorization Algebras in Quantum Field Theory},
  author={Costello, Kevin and Gwilliam, Owen},
  year={2016},
  publisher={Cambridge University Press},
  place={Cambridge},
  series={New Mathematical Monographs},
  volume={1},
  doi={10.1017/9781316678626},
  collection={New Mathematical Monographs},
}


@article{weiss1999,
  author = {{Weiss}, Michael},
  title = {Embeddings from the point of view of immersion theory: Part I},
  journal = {Geometry and Topology},
  volume = {3},
  pages = {67--101},
  year = {1999},
  month = {05},
  doi = {http://dx.doi.org/10.2140/gt.1999.3.67},
  archivePrefix = {arXiv},
  eprint = {9905202},
}


@inbook{af_primer,
  author={Ayala, David and Francis, John},
  editor={Miller, Haynes},
  title={A factorization homology primer},
  booktitle={Handbook of Homotopy Theory},
  year={2019},
  publisher={Chapman and Hall/CRC},
  isbn={9781351251624},
  doi={https://doi.org/10.1201/9781351251624},
  archivePrefix = {arXiv},
  eprint = {1903.10961},
}


@book{lurie_htt,
  author = {Lurie, Jacob},
  title = {Higher Topos Theory},
  series = {Annals of Mathematics Studies},
  number = {170},
  publisher = {Princeton University Press},
  address = {Princeton, NJ},
  year = {2009},
  pages = {xviii+925},
}


@book{bd2004,
  author = {Beilinson, Alexander and Drinfeld, Vladimir},
  title = {Chiral Algebras},
  series = {American Mathematical Society Colloquium Publications},
  number = {51},
  publisher = {American Mathematical Society},
  address = {Providence, RI},
  year = {2004},
}


@misc{nlab,
  author = {{nLab Authors}},
  title = {(infinity,1)-sheaf},
  url = {https://ncatlab.org/nlab/show/%28infinity%2C1%29-sheaf},
  note = {[Revision 21]},
  month = {07},
  year = {2023},
}

@article{dunn1988,
  title = {Tensor product of operads and iterated loop spaces},
  author = {Dunn, Gerald},
  journal = {Journal of Pure and Applied Algebra},
  volume = {50},
  number = {3},
  pages = {237--258},
  year = {1988},
  issn = {0022-4049},
  doi = {10.1016/0022-4049(88)90103-X},
  url = {https://www.sciencedirect.com/science/article/pii/002240498890103X},
}


@article{afr_homhyp,
  author = {Ayala, David and Francis, John and Rozenblyum, Nick},
  title = {A Stratified Homotopy Hypothesis},
  journal = {Journal of the European Mathematical Society (EMS Publishing)},
  volume = {21},
  number = {4},
  year = {2019},
  archivePrefix = {arXiv},
  eprint = {1502.01713},
}



@book{tanaka20,
  title = {Lectures on Factorization Homology, $\infty$-Categories, and Topological Field Theories},
  author = {Tanaka, Hiro Lee},
  series = {SpringerBriefs in Mathematical Physics},
  doi = {10.1007/978-3-030-61163-7},
  publisher = {Springer International Publishing},
  isbn = {978-3-030-61162-0},
  edition = {1},
  pages = {XII, 84},
}

@book{bv73,
  title = {Homotopy Invariant Algebraic Structures on Topological Spaces},
  author = {Boardman, J. M. and Vogt, R. M.},
  series = {Lecture Notes in Mathematics},
  doi = {https://doi.org/10.1007/BFb0068547},
  publisher = {Springer-Verlag},
  isbn = {978-3-540-06479-4},
  edition = {1},
  pages = {XII, 260},
}


@article{joyal,
  title={Quasi-categories and Kan complexes},
  author={Andr{\'e} Joyal},
  journal={Journal of Pure and Applied Algebra},
  year={2002},
  volume={175},
  pages={207-222},
  doi = {https://doi.org/10.1016/S0022-4049(02)00135-4}
}



@inbook{whitney92,
  author = {Whitney, Hassler},
  editor = {Eells, James and Toledo, Domingo},
  title = {Elementary Structure of Real Algebraic Varieties},
  booktitle = {Hassler Whitney Collected Papers},
  year = {1992},
  publisher = {Birkh{\"a}user Boston},
  pages = {456--467},
  isbn = {978-1-4612-2972-8},
  doi = {10.1007/978-1-4612-2972-8_31},
}



@misc{lurie_kerodon,
    title        = {Kerodon},
    author       = {Jacob Lurie},
    howpublished = {\url{https://kerodon.net}},
    year         = {2024},
  }

  
  
@phdthesis{pena2022,
    author = "{Pe\~{n}a, Stephen M.}",
    title = "{Geometric Factorization Algebras}",
    school = "Texas Tech University",
    year = "2022"
}

@phdthesis{murray2020,
  author = "Laura Josephine Wells Murray",
  title = "{Equivariant Factorization Algebras: An $\infty$-Operadic Approach}",
  year = "2020",
  month = "3",
  url = "https://curate.nd.edu/articles/thesis/Equivariant_Factorization_Algebras_An_Infinity-Operadic_Approach/24821814",
  doi = "10.7274/kh04dn4375v"
}


@phdthesis{scheimbauer2014,
  title={Factorization Homology as a Fully Extended Topological Field Theory},
  author={Claudia I. Scheimbauer},
  year={2014},
  url={https://api.semanticscholar.org/CorpusID:119853896}
}

@article{lurie_tqft,
  author = {{Lurie}, Jacob},
  title = "{On the Classification of Topological Field Theories}",
  journal = {arXiv e-prints},
  year = 2009,
  month = may,
  doi = {10.48550/arXiv.0905.0465}
}

@article{joyal2007quasi,
    author    = {Joyal, Andr{\'e} and Tierney, Myles},
    journal   = {Contemporary Mathematics},
    pages     = {277-326},
    publisher = {Providence, RI: American Mathematical Society},
    title     = {Quasi-categories vs Segal spaces},
    volume    = {431},
    year      = {2007}
}

@inbook{bergner2010survey,
    author    = {Bergner, Julia E.},
    chapter   = {A Survey of $(\infty,1)$-Categories},
    editor    = {Baez, John C. and May, J. Peter },
    pages     = {69--83},
    publisher = {Springer},
    title     = {Towards Higher Categories},
    year      = {2010}
}

@article{kister1964microbundles,
author={Kister, James},
    journal   = {Annals of Mathematics},
    number    = {1},
    pages     = {190--199},
    title     = {Microbundles are fibre bundles},
    volume    = {80},
    year      = {1964}
}


@incollection{ayala2020primer,
    author      = {Ayala, David and Francis, John},
    booktitle   = {Handbook of Homotopy Theory},
    editor      = {Miller, Haynes},
    eprintclass = {math.AT},
    eprinttype  = {arXiv},
    journal     = {Handbook of Homotopy Theory},
    pages       = {39--101},
    publisher   = {CRC Press},
    title       = {A factorization homology primer},
    year        = {2020},
eprint={1903.10961}
}

@article{ayala2020factorization,
    author      = {Ayala, David and Francis, John and Rozenblyum, Nick},
    eprint      = {1504.04007},
    eprintclass = {math.AT},
    eprinttype  = {arXiv},
    journal     = {Advances in Mathematics},
    pages       = {1042--1177},
    publisher   = {Elsevier},
    title       = {Factorization homology I: Higher categories},
    volume      = {333},
    year        = {2018}
}


@article{dugger2004hypercovers,
  title={Topological hypercovers and $\mathbb{A}^1$-realizations},
  author={Daniel Dugger and Daniel Isaksen},
  journal={Mathematische Zeitschrift},
  year={2004},
  volume={246},
  pages={667-689},
  url={https://api.semanticscholar.org/CorpusID:1023345}
}


@MISC{rezk2023lan,
    TITLE = {When do Kan extensions preserve limits/colimits?},
    AUTHOR = {Rezk, Charles (mathoverflow.net/users/437/charles-rezk)},
    HOWPUBLISHED = {MathOverflow},
    NOTE = {URL:https://mathoverflow.net/q/450214 (version: 2023-07-05)},
    EPRINT = {https://mathoverflow.net/q/450214},
    URL = {https://mathoverflow.net/q/450214}
}
